@article{shoup:2006,
  author = {D.C. Shoup},
  journal = {Transport Policy},
  number = {6},
  title = {Cruising for parking},
  volume = {13},
  year = {2006}
}